@preamble{ "\newcommand{\noopsort}[1]{} "
	# "\newcommand{\printfirst}[2]{#1} "
	# "\newcommand{\singleletter}[1]{#1} "
	# "\newcommand{\switchargs}[2]{#2#1} " }


@inproceedings{tarvainen,
 author = {Tarvainen, Antti and Valpola, Harri},
 booktitle = {Advances in Neural Information Processing Systems},
 editor = {I. Guyon and U. Von Luxburg and S. Bengio and H. Wallach and R. Fergus and S. Vishwanathan and R. Garnett},
 pages = {},
 publisher = {Curran Associates, Inc.},
 title = {Mean teachers are better role models: Weight-averaged consistency targets improve semi-supervised deep learning results},
 url = {https://proceedings.neurips.cc/paper_files/paper/2017/file/68053af2923e00204c3ca7c6a3150cf7-Paper.pdf},
 volume = {30},
 year = {2017}
}


@inproceedings{tuna,
author = {Tuna, Matus and Malinovská, Kristína and Farkas, Igor and Kraus, Svatopluk and Krsek, Pavel},
year = {2021},
month = {10},
booktitle={2021 IEEE 17th International Conference on Intelligent Computer Communication and Processing (ICCP)}, 
pages = {155-162},
title = {Semi-supervised Learning in Camera Surveillance Image Classification},
doi = {10.1109/ICCP53602.2021.9733483}
}

@article{clanok,
    title = 	{Názov článku z časopisu},
    author =	{X. Autor1 and Y. Autor2},
    journal = {Názov časopisu, ktorý článok uverejnil},
    volume = {4},
    number = {3},
    year = {1900},
    pages = {1-100},
}

@Book{kniha,
    author ={X. Autor1 and Y. Autor2},
    title =        {Názov knihy},
    publisher =    {Vydavateľstvo},
    year =         {1900},
}


@techreport{technical_report,
    author =	{X. Autor1 and Y. Autor2},
    title= {Názov technickej správy},
    year={June 1999},
    institution = {Inštitút vydávajúci správu},
    number = {TR123/1999}
}

@inproceedings{clanok_na_konferencii,
    author =	{X. Autor1 and Y. Autor2},
    title = {Názov článku (väčšinou z konferencie)},
    booktitle = {Názov zborníka (väčšinou názov konferencie spolu s ročníkom)},
    year = {1900},
    pages = {1-100},
    publisher = {Vydavateľstvo},
}    
    
@misc{smernica,
 title={Vnútorný predpis č. 7/2018, {Ú}plné znenie vnútorného predpisu
 č. 12/2013 {S}mernice rektora {U}niverzity {K}omenského v
 {B}ratislave o základných náležitostiach záverečných
 prác, rigoróznych prác a habilitačných prác, kontrole
 ich originality, uchovávaní a sprístupňovaní na
 {U}niverzite {K}omenského v {B}ratislave v znení dodatku
 č. 1 a dodatku č. 2 Smernica rektora {U}niverzity
 {K}omenského v {B}ratislave o základných
 náležitostiach záverečných prác, rigoróznych prác a
 habilitačných prác, kontrole ich originality,
 uchovávaní a sprístupňovaní na {U}niverzite
 {K}omenského v {B}ratislave},
 author={{Univerzita Komenského v Bratislave}},
 year={2013},
 note={[Citované 2020-10-19] Dostupné z \url{https://uniba.sk/fileadmin/ruk/legislativa/2018/Vp_2018_07.pdf}},
}

@Book{Oetiker2000,
  author = 	 {Tobias Oetiker and Hubert Partl and Irene Hyna and Elisabeth Schlegl},
  title = 	 {Nie príliš stručný úvod do systému {LaTeX2e}},
  year = 	 {2002},
  note = {Preklad Ján Buša ml. a st}
}


@techreport{krizhevsky2009,
  title={Learning multiple layers of features from tiny images},
  author={Krizhevsky, Alex and Hinton, Geoffrey and others},
  year={2009},
  publisher={Toronto, ON, Canada},
  institution={University of Toronto, Toronto}
}

@inproceedings{krizhevsky2012,
  title={Imagenet classification with deep convolutional neural networks},
  author={Krizhevsky, Alex and Sutskever, Ilya and Hinton, Geoffrey E},
  booktitle={Advances in Neural Information Processing Systems},
  pages={1097--1105},
  volume={25},
  year={2012}
}

@article{weiss2016,
  title={A survey of transfer learning},
  author={Weiss, Karl and Khoshgoftaar, Taghi M and Wang, DingDing},
  journal={Journal of Big data},
  volume={3},
  number={1},
  pages={9},
  year={2016},
  publisher={SpringerOpen}
}

@article{laine2016,
  title={Temporal ensembling for semi-supervised learning},
  author={Laine, Samuli and Aila, Timo},
  journal={arXiv preprint arXiv:1610.02242},
  year={2016}
}

@article{kohonen1990,
  title={The self-organizing map},
  author={Kohonen, Teuvo},
  journal={Proceedings of the IEEE},
  volume={78},
  number={9},
  pages={1464--1480},
  year={1990},
  publisher={IEEE}
}

@article{desom2019,
  title={Deep embedded SOM: joint representation learning and self-organization},
  author={Forest, Florent and Lebbah, Mustapha and Azzag, Hanene and Lacaille, J{\'e}r{\^o}me},
  journal={reconstruction},
  volume={500},
  pages={500},
  year={2019}
}

@inproceedings{graph-measure-som-2008,
author = {Horio, Keiichi and Koga, Takanori and Yamakawa, Takeshi},
booktitle={},
year = {2008},
month = {11},
pages = {1 - 6},
title = {Self-organizing map with distance measure defined by data distribution}
}

@misc{misc_wine_109,
  author       = {Aeberhard,Stefan and Forina,M.},
  title        = {{Wine}},
  year         = {1991},
  howpublished = {UCI Machine Learning Repository},
  note         = {{DOI}: https://doi.org/10.24432/C5PC7J}
}

@book{Goodfellow-et-al-2016,
    title={Deep Learning},
    author={Ian Goodfellow and Yoshua Bengio and Aaron Courville},
    publisher={MIT Press},
    note={\url{http://www.deeplearningbook.org}},
    year={2016}
}

@phdthesis{rebrova2013,
    title        = {Grounding the meaning in sensorimotor cognition: a connectionist approach},
    author       = {RNDr. Kristína Rebrová},
    year         = 2013,
    address      = {Bratislava},
    school       = {Comenius University in Bratislava},
    type         = {PhD thesis}
}

@INPROCEEDINGS{tuna-bmt,
  author={Tuna, Matúš and Malinovská, Kristína and Farkaš, Igor and Kraus, Svatopluk and Krsek, Pavel},
  booktitle={2021 IEEE 17th International Conference on Intelligent Computer Communication and Processing (ICCP)}, 
  title={Semi-supervised Learning in Camera Surveillance Image Classification}, 
  year={2021},
  volume={},
  number={},
  pages={155-162},
  doi={10.1109/ICCP53602.2021.9733483}}

@InProceedings{nassar,
    author    = {Nassar, Islam and Herath, Samitha and Abbasnejad, Ehsan and Buntine, Wray and Haffari, Gholamreza},
    title     = {All Labels Are Not Created Equal: Enhancing Semi-Supervision via Label Grouping and Co-Training},
    booktitle = {Proceedings of the IEEE/CVF Conference on Computer Vision and Pattern Recognition (CVPR)},
    month     = {June},
    year      = {2021},
    pages     = {7241-7250}
}

@misc{colorjitter,
  title = {PyTorch Color Jitter documentation},
  key={Torch Color Jitter documentation}, 
  howpublished = {\url{https://pytorch.org/vision/main/auto_examples/transforms/plot_transforms_illustrations.html#sphx-glr-auto-examples-transforms-plot-transforms-illustrations-py}},
  note = {Accessed: 2023-12-07}
}

@inproceedings{Rasmus2015,
 author = {Rasmus, Antti and Berglund, Mathias and Honkala, Mikko and Valpola, Harri and Raiko, Tapani},
 booktitle = {Advances in Neural Information Processing Systems},
 editor = {C. Cortes and N. Lawrence and D. Lee and M. Sugiyama and R. Garnett},
 pages = {},
 publisher = {Curran Associates, Inc.},
 title = {Semi-supervised Learning with Ladder Networks},
 url = {https://proceedings.neurips.cc/paper_files/paper/2015/file/378a063b8fdb1db941e34f4bde584c7d-Paper.pdf},
 volume = {28},
 year = {2015}
}

@misc{valpola2015,
      title={From neural PCA to deep unsupervised learning}, 
      author={Harri Valpola},
      year={2015},
      eprint={1411.7783},
      archivePrefix={arXiv},
      primaryClass={stat.ML}
}

@misc{laine2017,
      title={Temporal Ensembling for Semi-Supervised Learning}, 
      author={Samuli Laine and Timo Aila},
      year={2017},
      eprint={1610.02242},
      archivePrefix={arXiv},
      primaryClass={cs.NE}
}

@article{bromley1993,
author = {Bromley, Jane and Bentz, James and Bottou, Leon and Guyon, Isabelle and Lecun, Yann and Moore, Cliff and Sackinger, Eduard and Shah, Rookpak},
year = {1993},
month = {08},
pages = {25},
title = {Signature Verification using a "Siamese" Time Delay Neural Network},
volume = {7},
journal = {International Journal of Pattern Recognition and Artificial Intelligence},
doi = {10.1142/S0218001493000339}
}

@inproceedings{Koch2015SiameseNN,
  title={Siamese Neural Networks for One-Shot Image Recognition},
  author={Gregory R. Koch},
  year={2015},
  url={https://api.semanticscholar.org/CorpusID:13874643}
}

@article{lee2013,
author = {Lee, Dong-Hyun},
year = {2013},
month = {07},
pages = {},
title = {Pseudo-Label : The Simple and Efficient Semi-Supervised Learning Method for Deep Neural Networks},
journal = {ICML 2013 Workshop : Challenges in Representation Learning (WREPL)}
}

@article{vanco2010-som,
author = {Vanco, Pavol and Farkas, Igor},
year = {2010},
month = {03},
pages = {1362-1375},
title = {Experimental comparison of recursive self-organizing maps for processing tree-structured data},
volume = {73},
journal = {Neurocomputing},
doi = {10.1016/j.neucom.2009.12.004}
}

@misc{miyato2018virtual,
      title={Virtual Adversarial Training: A Regularization Method for Supervised and Semi-Supervised Learning}, 
      author={Takeru Miyato and Shin-ichi Maeda and Masanori Koyama and Shin Ishii},
      year={2018},
      eprint={1704.03976},
      archivePrefix={arXiv},
      primaryClass={stat.ML}
}

@incollection{pytorch,
title = {PyTorch: An Imperative Style, High-Performance Deep Learning Library},
author = {Paszke, Adam and Gross, Sam and Massa, Francisco and Lerer, Adam and Bradbury, James and Chanan, Gregory and Killeen, Trevor and Lin, Zeming and Gimelshein, Natalia and Antiga, Luca and Desmaison, Alban and Kopf, Andreas and Yang, Edward and DeVito, Zachary and Raison, Martin and Tejani, Alykhan and Chilamkurthy, Sasank and Steiner, Benoit and Fang, Lu and Bai, Junjie and Chintala, Soumith},
booktitle = {Advances in Neural Information Processing Systems 32},
pages = {8024--8035},
year = {2019},
publisher = {Curran Associates, Inc.},
url = {http://papers.neurips.cc/paper/9015-pytorch-an-imperative-style-high-performance-deep-learning-library.pdf}
} 

@misc{misc_zoo_111,
  author       = {Forsyth,Richard},
  title        = {{Zoo}},
  year         = {1990},
  howpublished = {UCI Machine Learning Repository},
  note         = {{DOI}: https://doi.org/10.24432/C5R59V}
}

@misc{sarmad-repo,
  author = {Muhammad Sarmad},
  title = {MeanTeacher-SNTG-HybridNet},
  year = {2018},
  publisher = {GitHub},
  journal = {GitHub repository},
  howpublished = {\url{https://github.com/iSarmad/MeanTeacher-SNTG-HybridNet}},
  commit = {7ca9f8f}
}

@misc{curiousai,
  author = {CuriousAI},
  title = {mean-teacher},
  year = {2020},
  publisher = {GitHub},
  journal = {GitHub repository},
  howpublished = {\url{github.com/CuriousAI/mean-teacher}}
}

@misc{dt-mt-repo,
  author = {Sabína Samporová},
  title = {DT-MT},
  year = {2024},
  publisher = {GitHub},
  journal = {GitHub repository},
  howpublished = {\url{https://github.com/Sabka/DT-MT}},
}

@article{Tokunaga,
title = {Modular network SOM},
journal = {Neural Networks},
volume = {22},
number = {1},
pages = {82-90},
year = {2009},
issn = {0893-6080},
doi = {https://doi.org/10.1016/j.neunet.2008.10.006},
author = {Kazuhiro Tokunaga and Tetsuo Furukawa},
keywords = {SOM, Modular network, Function space},
abstract = {This study aims to develop a generalized framework of an SOM called a modular network SOM (mnSOM). The mnSOM has an array structure consisting of functional modules that are trainable neural networks, e.g., multi-layer perceptrons (MLPs), instead of the vector units of the conventional SOM. In the case of MLP-modules, an mnSOM learns a group of systems or functions in terms of the input–output relationships in parallel with generating a feature map of them. Thus an mnSOM with MLP modules is an SOM in function space rather than in vector space. In this paper, first, as an example, we focus on a class of mnSOM that consists of MLP modules and introduce the architecture and algorithm. Then, a more generalized framework is described. Finally, some simulation results of an MLP-module-mnSOM are presented.}
}

@article{Tamazirt,
author = {Tamazirt, Lotfi and Alilat, Farid and Agoulmine, Nazim},
title = {A novel advanced 3D-IPS based on mmWaves and SOM-MLP neural network},
journal = {Transactions on Emerging Telecommunications Technologies},
volume = {32},
number = {11},
pages = {e4351},
doi = {https://doi.org/10.1002/ett.4351},
eprint = {https://onlinelibrary.wiley.com/doi/pdf/10.1002/ett.4351},
abstract = {Abstract This article proposes a new approach for intelligent indoor 3D positioning that works in the millimeter waves (that constitutes a cornerstone of 5G networks). The solution is based on a combination of a multilayer perceptron network and a self-organizing map. The solution relies on a precise model of the millimeter frequency channel at 60 GHz and the building of a database of fingerprinting of localization data. The solution approach is based on two parts. In the first part, we specified the target environment for positioning as well as the set of millimeter wave (mmWave) access points (APs) to be deployed in predefined positions. Then, we built a reference database of received signal strengths, azimuths of arrival, and elevations of arrival at each 3D position of the target environment (with a predefined step). The second part of the approach consists of designing a novel neural network architecture that is first trained using the database data and then used to estimate any position in the environment based on the information of the received mmWave signals sent by the different mmWave installed APs. In a normal scenario (without loss of data), the obtained results indicate a millimeter level of the generalization error of the estimated 3D positions. In the case of missing data that may due to potential failures in the system, the obtained accuracy is of the order of 34 cm.},
year = {2021}
}

@article{deng2012mnist,
  title={The mnist database of handwritten digit images for machine learning research},
  author={Deng, Li},
  journal={IEEE Signal Processing Magazine},
  volume={29},
  number={6},
  pages={141--142},
  year={2012},
  publisher={IEEE}
}

@misc{xiao2017fashionmnist,
      title={Fashion-MNIST: a Novel Image Dataset for Benchmarking Machine Learning Algorithms}, 
      author={Han Xiao and Kashif Rasul and Roland Vollgraf},
      year={2017},
      eprint={1708.07747},
      archivePrefix={arXiv},
      primaryClass={cs.LG}
}

@article{rcvi,
author = {Lewis, David D. and Yang, Yiming and Rose, Tony G. and Li, Fan},
title = {RCV1: A New Benchmark Collection for Text Categorization Research},
year = {2004},
issue_date = {12/1/2004},
publisher = {JMLR.org},
volume = {5},
issn = {1532-4435},
abstract = {Reuters Corpus Volume I (RCV1) is an archive of over 800,000 manually categorized newswire stories recently made available by Reuters, Ltd. for research purposes. Use of this data for research on text categorization requires a detailed understanding of the real world constraints under which the data was produced. Drawing on interviews with Reuters personnel and access to Reuters documentation, we describe the coding policy and quality control procedures used in producing the RCV1 data, the intended semantics of the hierarchical category taxonomies, and the corrections necessary to remove errorful data. We refer to the original data as RCV1-v1, and the corrected data as RCV1-v2. We benchmark several widely used supervised learning methods on RCV1-v2, illustrating the collection's properties, suggesting new directions for research, and providing baseline results for future studies. We make available detailed, per-category experimental results, as well as corrected versions of the category assignments and taxonomy structures, via online appendices.},
journal = {J. Mach. Learn. Res.},
month = {dec},
pages = {361–397},
numpages = {37}
}

@misc{som-repo,
  author = {Giannis Nikolentzos},
  title = {som},
  year = {2019},
  publisher = {GitHub},
  journal = {GitHub repository},
  howpublished = {\url{github.com/giannisnik/som}}
}